
@ARTICLE{BrPi2005,
    author = {Брагилевский, Виталий Николаевич and Пилиди, Владимир Ставрович},
    title = {Аналог теоремы И. Б. Симоненко об огибающем операторе для операторов в пространствах векторнозначных функций},
    year = {2005},
    pages = {3-8},
    number = {4},
    journal = {Изв. вузов. Сев.-Кав. регион. Естеств. науки.}
}

@MVBOOK{Lvo2003,
    author = {Львовский, Сергей Михайлович},
    title = {Набор и вёрстка в системе \LaTeX},
    year = {2006}, 
    language = {russian},
    publisher = {МЦНМО},
    location = {М.},
    hyphenation = {russian},
    url = {http://www.mccme.ru/free-books/llang/newllang.pdf}
}

@MVBOOK{Voevodin,
    author = {Воеводин, Валентин Васильевич and Воеводин, Владимир Валентинович},
    title = {Параллельные вычисления.},
    year = {2002}, 
    language = {russian},
    publisher = {БХВ-Петербург},
    location = {СПб.},
    hyphenation = {russian}
}


@ONLINE{mmcs,
    title = {Сайт Мехмата ЮФУ},
    language = {russian},
    hyphenation = {russian},
    url = {http://mmcs.sfedu.ru},
    urldate = {2015-01-01},
}

@ARTICLE{HeineLamPLDI03,
    author = {},
    title = {A Practical FlowSensitive and ContextSensitive C and C++ Memory Leak Detector},
    year = {2003},
    %pages = {2-11},
    %number = {1},
    journal = {PLDI}
}

@ARTICLE{WilsonLamSIGPLAN95,
    author = {Robert P. Wilson and Monica S. Lam},
    title = {Efficient Context-Sensitive Pointer Analysis for C Program},
    year = {1995},
    journal = {PLDI}
}

@MVBOOK{Drozdov2010,
    author = {Дроздов, Александр Юльевич},
    title = {Компонентный подход к построению оптимизирующих компиляторов},
    year = {2010}, 
    language = {russian},
    publisher = {Москва},
    hyphenation = {russian}
}

@ARTICLE{GohmanAAinLLVM,
    author = {Dan Gohman},
    title = {Alias Analysis in LLVM},
    year = {2012},
    language = {english},
    journal = {LLVM Developers' Meeting}
}

@ONLINE{SteensgaardsNote,
    title = {Note on Steensgaard's Point-to Analysis},
    language = {english},
    hyphenation = {english},
    url = {http://courses.cs.washington.edu/courses/cse590md/01sp/stenote.pdf},
    urldate = {2015-03-13},
}

@ONLINE{LLVMAAI,
    title = {LLVM Alias Analysis Infrastructure},
    language = {english},
    hyphenation = {english},
    url = {http://llvm.org/docs/AliasAnalysis.html#the-basicaa-pass},
    urldate = {2015-04-20},
}

@PROCEEDINGS{proc-disc-2009, % труды конференций
  title = {Proc.\ 23rd Symposium on Distributed Computing (DISC 2009)},
  booktitle = {Proc.\ 23rd Symposium on Distributed Computing (DISC 2009)},
  volume = 5805,
  series = {LNCS},
  publisher = {Springer},
  year = {2009}
}